<?xml version="1.0" encoding="UTF-8"?><record xmlns="http://www.loc.gov/MARC21/slim" xmlns:cinclude="http://apache.org/cocoon/include/1.0" xmlns:zs="http://www.loc.gov/zing/srw/">
  <leader>00324nz  a2200121n  4500</leader>
  <controlfield tag="001">nr 96022401 </controlfield>
  <controlfield tag="003">DLC</controlfield>
  <controlfield tag="005">19960702052039.3</controlfield>
  <controlfield tag="008">960617n| acannaab|          |n aaa     c</controlfield>
  <datafield tag="010" ind1=" " ind2=" ">
    <subfield code="a">nr 96022401 </subfield>
  </datafield>
  <datafield tag="040" ind1=" " ind2=" ">
    <subfield code="a">WaBeW</subfield>
    <subfield code="c">WaBeW</subfield>
  </datafield>
  <datafield tag="100" ind1="1" ind2="0">
    <subfield code="a">Cousin, Merril J.</subfield>
  </datafield>
  <datafield tag="670" ind1=" " ind2=" ">
    <subfield code="a">Victim issues in domestic violence, 1996:</subfield>
    <subfield code="b">t.p. (Merril J. Cousin)</subfield>
  </datafield>
</record>